@misc{aho2006compilers,
  title     = {Compilers: Principles, Technologies, and Tools},
  author    = {Aho, Alfred V and Lam, Monica S and Sethi, Ravi and Ullman, Jeffrey D},
  year      = {2006},
  publisher = {Addison Wesley}
}
@inproceedings{bucek2018spec,
  title     = {SPEC CPU2017: Next-generation compute benchmark},
  author    = {Bucek, James and Lange, Klaus-Dieter and v. Kistowski, J{\'o}akim},
  booktitle = {Companion of the 2018 ACM/SPEC International Conference on Performance Engineering},
  pages     = {41--42},
  year      = {2018}
}
@inproceedings{chen2022all,
  title     = {All you need is superword-level parallelism: systematic control-flow vectorization with SLP},
  author    = {Chen, Yishen and Mendis, Charith and Amarasinghe, Saman},
  booktitle = {Proceedings of the 43rd ACM SIGPLAN International Conference on Programming Language Design and Implementation},
  pages     = {301--315},
  year      = {2022}
}
@article{cytron1991efficiently,
  title     = {Efficiently computing static single assignment form and the control dependence graph},
  author    = {Cytron, Ron and Ferrante, Jeanne and Rosen, Barry K and Wegman, Mark N and Zadeck, F Kenneth},
  journal   = {ACM Transactions on Programming Languages and Systems (TOPLAS)},
  volume    = {13},
  number    = {4},
  pages     = {451--490},
  year      = {1991},
  publisher = {ACM New York, NY, USA}
}
@misc{intel2017architecture,
  title  = {Architecture instruction set extensions and future features programming reference},
  author = {Intel, R},
  year   = {2017}
}
@inproceedings{liang2017vectorization,
  title        = {Vectorization and parallelization of loops in C/C++ code},
  author       = {Liang, Xuejun and Humos, Ali A and Pei, Tzusheng},
  booktitle    = {Proceedings of the International Conference on Frontiers in Education: Computer Science and Computer Engineering (FECS)},
  pages        = {203--206},
  year         = {2017},
  organization = {The Steering Committee of The World Congress in Computer Science, Computer~â€¦}
}
@article{lu2023cpubench,
  title   = {CPUBench: An open general computing CPU performance benchmark tool},
  author  = {LU, Haitao and REN, Xiang and ZHONG, Weijun and ZHAO, Xin and YIN, Hang},
  journal = {Microelectronics \& Computer},
  volume  = {40},
  number  = {5},
  pages   = {75--83},
  year    = {2023}
}
@inproceedings{naishlos2004autovectorization,
  title     = {Autovectorization in GCC},
  author    = {Naishlos, Dorit},
  booktitle = {Proceedings of the 2004 GCC Developers Summit},
  pages     = {105--118},
  year      = {2004}
}
@inproceedings{pohl2018control,
  title     = {Control flow vectorization for arm neon},
  author    = {Pohl, Angela and Cosenza, Biagio and Juurlink, Ben},
  booktitle = {Proceedings of the 21st International Workshop on Software and Compilers for Embedded Systems},
  pages     = {66--75},
  year      = {2018}
}
@inproceedings{shin2005superword,
  title        = {Superword-level parallelism in the presence of control flow},
  author       = {Shin, Jaewook and Hall, Mary and Chame, Jacqueline},
  booktitle    = {International Symposium on Code Generation and Optimization},
  pages        = {165--175},
  year         = {2005},
  organization = {IEEE}
}
@article{skillicorn1988taxonomy,
  title     = {A taxonomy for computer architectures},
  author    = {Skillicorn, David B},
  journal   = {Computer},
  volume    = {21},
  number    = {11},
  pages     = {46--57},
  year      = {1988},
  publisher = {IEEE}
}